1737 2995
349 134 413 194 de
417 134 591 211 fallaci
606 129 996 198 mundanorum
1015 147 1204 192 erema.
1324 150 1444 213 253

63 246 247 312 modi
280 246 418 313 lunt
451 241 885 329 Eumenides)
918 241 1290 312 collocabit:
1319 247 1526 317 nulla-

63 363 269 409 teiiuS.
471 388 498 397 -
686 361 714 394 '—
917 385 943 394 -·
1122 385 1150 395 -
1346 389 1374 398 -

59 441 184 495 Nec
206 436 337 496 verb
360 436 444 495 hae
465 436 573 496 fine
596 433 740 495 sorte
760 435 899 494 datae
921 431 1029 493 fine
1049 435 1242 514 Judice
1258 435 1522 525 sede3.(e)

60 518 259 590 Porrb
291 532 360 591 ad
380 528 557 590 restim
572 549 655 588 res
675 526 907 588 redibit:
952 526 1045 612 (f)
1152 520 1366 591 Affilla
1386 551 1524 596 non

60 616 362 710 Cyclopis
391 609 664 705 quidem
697 612 874 680 dono
903 614 1255 708 dignanda,
1280 627 1363 714 (g)
1388 648 1526 692 non

43 713 246 808 sonticss
270 707 688 804 impedienda
707 710 883 776 morbo
899 758 915 787 ,
956 712 1044 796 (h)
1069 736 1202 782 non
1219 717 1523 796 Judicem

60 811 383 879 blanditiis
416 805 763 874 delinitura
790 811 930 898 jam
955 811 1093 899 jam
1125 816 1195 877 In
1229 810 1528 889 severum

56 907 448 1002 producetur
478 902 829 994 judicium,
871 905 1156 999 rigidum
1194 906 1526 982 sustinebit

58 1026 342 1073 examen
357 1050 376 1078 ,
411 1001 560 1068 diris
579 998 842 1068 testibus
857 1005 1289 1074 convincetur
1304 1030 1388 1075 ter
1409 1036 1525 1085 rea.

0 1095 5 1203 l
63 1186 133 1249 (e)
173 1181 337 1235 Solche
356 1182 491 1232 Gnad
504 1177 599 1227 und
618 1177 913 1231 Ehren-Stell
950 1179 1169 1249 (Virg.1.

173 1256 361 1321 Wenig
389 1247 594 1319 gniess'en
607 1250 658 1296 in
677 1249 759 1296 der
775 1244 922 1301 Hssll.
945 1248 964 1316 [
986 1251 1172 1302 AEneid.
1198 1262 1246 1302 6.

62 1321 126 1385 (fl
175 1308 341 1383 Adag.⁸
360 1325 458 1373 Die
479 1316 594 1370 sach
611 1316 690 1366 hat
707 1321 782 1367 ein
800 1318 1020 1369 scharffes
1037 1319 1307 1372 Ausssehen.

75 1395 124 1462 g)
159 1388 343 1456 Ulyss'es
361 1425 374 1446 ,
402 1407 452 1438 ut
469 1389 720 1454 Cyclopem
745 1392 988 1457 gigantem
1017 1390 1229 1441 deliniret
1246 1426 1260 1448 ,
1295 1393 1452 1449 vinum
1472 1398 1521 1448 ei

195 1460 388 1508 donavit
408 1494 422 1516 ‚
454 1461 528 1509 cui
548 1457 692 1526 Gigas
706 1475 788 1524 pro
800 1461 970 1526 grandi
985 1463 1134 1527 gratia
1145 1461 1372 1527 promifit,
1386 1465 1527 1534 qued

186 1547 293 1578 eum
317 1529 570 1595 absumptis
584 1527 722 1576 sociis
736 1525 955 1577 ultimum
972 1530 1084 1577 velit
1100 1530 1335 1584 devorare.

125 1597 398 1716 Adggffflht
414 1596 640 1663 Gestteng
670 1597 783 1647 vvill
811 1597 1023 1649 dannoch
1046 1602 1122 1648 ein
1147 1600 1381 1671 gn'cidiget
1399 1606 1532 1657 Heri*-

235 1687 279 1716 ei
318 1685 392 1717 en.

51 1735 128 1803 (h)
159 1739 295 1788 Olim
312 1739 360 1785 in
371 1742 470 1802 jure
487 1732 543 1784 ad
557 1736 920 1802 comparendum
943 1755 1099 1788 coram
1112 1740 1281 1806 Judice
1299 1744 1408 1811 cogi
1425 1759 1521 1794 non

188 1824 405 1888 poterunt
431 1808 613 1856 sontico
640 1808 807 1856 morbo
836 1812 849 1870 (
876 1808 994 1858 idest
1012 1814 1115 1858 vitae
1132 1813 1345 1861 nocituro
1370 1816 1383 1874 )
1422 1816 1518 1868 im,

125 1877 372 2006 Affiltss
388 1941 519 1996 hilfft
537 1945 653 1996 kein
669 1948 868 2010 Bantzer
881 1941 908 1994 f
912 1948 966 1996 'tir
981 1943 1070 1997 den
1092 1947 1288 2021 Galgen.

661 2152 916 2335 ie*

1160 2687 1419 2808 'sce
