<?xml version="1.0" encoding="UTF-8"?>
<!DOCTYPE html PUBLIC "-//W3C//DTD XHTML 1.0 Transitional//EN"
    "http://www.w3.org/TR/xhtml1/DTD/xhtml1-transitional.dtd">
<html xmlns="http://www.w3.org/1999/xhtml" xml:lang="en" lang="en">
 <head>
  <title>
</title>
<meta http-equiv="Content-Type" content="text/html;charset=utf-8" />
  <meta name='ocr-system' content='tesseract 3.04.00' />
  <meta name='ocr-capabilities' content='ocr_page ocr_carea ocr_par ocr_line ocrx_word'/>
</head>
<body>
  <div class='ocr_page' id='page_1' title='image "./confusiodisposit00tsch_0100.png"; bbox 0 0 1737 2995; ppageno 0'>
   <div class='ocr_carea' id='block_1_1' title="bbox 139 75 1605 1339">
    <p class='ocr_par' dir='ltr' id='par_1_1' title="bbox 139 75 1605 1339">
     <span class='ocr_line' id='line_1_1' title="bbox 220 75 1318 174; baseline -0.003 -36"><span class='ocrx_word' id='word_1_1' title='bbox 220 101 306 162; x_wconf 85' lang='lat'><strong>74</strong></span> <span class='ocrx_word' id='word_1_2' title='bbox 690 75 842 151; x_wconf 78' lang='lat' dir='ltr'><strong>Lusus</strong></span> <span class='ocrx_word' id='word_1_3' title='bbox 858 82 1049 158; x_wconf 81' lang='lat' dir='ltr'><strong>primus</strong></span> <span class='ocrx_word' id='word_1_4' title='bbox 1223 148 1318 174; x_wconf 43' lang='grc' dir='ltr'><strong>-ὧ</strong></span> 
     </span>
     <span class='ocr_line' id='line_1_2' title="bbox 144 169 1587 277; baseline -0.007 -17"><span class='ocrx_word' id='word_1_5' title='bbox 144 169 471 260; x_wconf 60' lang='lat' dir='ltr'><strong>ffinium</strong></span> <span class='ocrx_word' id='word_1_6' title='bbox 501 187 643 253; x_wconf 66' lang='lat' dir='ltr'><strong>lime</strong></span> <span class='ocrx_word' id='word_1_7' title='bbox 672 185 993 253; x_wconf 76' lang='lat' dir='ltr'>honorem</span> <span class='ocrx_word' id='word_1_8' title='bbox 1026 181 1272 266; x_wconf 69' lang='lat' dir='ltr'><strong>Jeffaeus</strong></span> <span class='ocrx_word' id='word_1_9' title='bbox 1303 206 1587 277; x_wconf 77' lang='lat' dir='ltr'><strong>reporta.-</strong></span> 
     </span>
     <span class='ocr_line' id='line_1_3' title="bbox 149 279 1591 374; baseline -0.004 -20"><span class='ocrx_word' id='word_1_10' title='bbox 149 291 247 354; x_wconf 84' lang='lat' dir='ltr'><strong>vit</strong></span> <span class='ocrx_word' id='word_1_11' title='bbox 264 283 804 374; x_wconf 76' lang='lat' dir='ltr'><strong>juve11i·S‚quando</strong></span> <span class='ocrx_word' id='word_1_12' title='bbox 820 286 1180 349; x_wconf 81' lang='lat' dir='ltr'><strong>immanem</strong></span> <span class='ocrx_word' id='word_1_13' title='bbox 1198 279 1591 349; x_wconf 80' lang='lat' dir='ltr'><strong>Goliathum</strong></span> 
     </span>
     <span class='ocr_line' id='line_1_4' title="bbox 139 373 1589 476; baseline -0.008 -24"><span class='ocrx_word' id='word_1_14' title='bbox 139 387 499 476; x_wconf 72' lang='lat' dir='ltr'><strong>Gigantem</strong></span> <span class='ocrx_word' id='word_1_15' title='bbox 533 377 745 471; x_wconf 77' lang='lat' dir='ltr'><strong>lapide</strong></span> <span class='ocrx_word' id='word_1_16' title='bbox 779 379 1042 468; x_wconf 85' lang='lat' dir='ltr'><strong>dejecit:</strong></span> <span class='ocrx_word' id='word_1_17' title='bbox 1092 381 1293 471; x_wconf 78' lang='lat' dir='ltr'><strong>magis</strong></span> <span class='ocrx_word' id='word_1_18' title='bbox 1315 373 1471 443; x_wconf 79' lang='lat' dir='ltr'><strong>vero</strong></span> <span class='ocrx_word' id='word_1_19' title='bbox 1492 378 1589 442; x_wconf 89' lang='lat' dir='ltr'><strong>in-</strong></span> 
     </span>
     <span class='ocr_line' id='line_1_5' title="bbox 148 472 1592 572; baseline -0.003 -30"><span class='ocrx_word' id='word_1_20' title='bbox 148 481 392 572; x_wconf 78' lang='lat' dir='ltr'><strong>fignem</strong></span> <span class='ocrx_word' id='word_1_21' title='bbox 427 478 828 567; x_wconf 79' lang='lat' dir='ltr'><strong>recuperavit</strong></span> <span class='ocrx_word' id='word_1_22' title='bbox 863 474 1120 541; x_wconf 79' lang='lat' dir='ltr'><strong>laudem</strong></span> <span class='ocrx_word' id='word_1_23' title='bbox 1142 523 1159 549; x_wconf 85' lang='lat'>,</span> <span class='ocrx_word' id='word_1_24' title='bbox 1198 474 1354 540; x_wconf 90' lang='lat' dir='ltr'><strong>dum</strong></span> <span class='ocrx_word' id='word_1_25' title='bbox 1376 472 1592 539; x_wconf 87' lang='lat' dir='ltr'><strong>vindi-</strong></span> 
     </span>
     <span class='ocr_line' id='line_1_6' title="bbox 145 566 1593 663; baseline -0.003 -22"><span class='ocrx_word' id='word_1_26' title='bbox 145 580 244 641; x_wconf 61' lang='grc' dir='ltr'><strong>ἀεὶ</strong></span> <span class='ocrx_word' id='word_1_27' title='bbox 290 574 358 637; x_wconf 90' lang='lat' dir='ltr'><strong>in</strong></span> <span class='ocrx_word' id='word_1_28' title='bbox 400 566 745 663; x_wconf 79' lang='lat' dir='ltr'>capitalem</span> <span class='ocrx_word' id='word_1_29' title='bbox 788 569 1222 637; x_wconf 66' lang='lat' dir='ltr'><strong>adversiirium</strong></span> <span class='ocrx_word' id='word_1_30' title='bbox 1267 567 1593 663; x_wconf 60' lang='lat' dir='ltr'><strong>neglec‘hi,</strong></span> 
     </span>
     <span class='ocr_line' id='line_1_7' title="bbox 145 662 1595 760; baseline -0.006 -22"><span class='ocrx_word' id='word_1_31' title='bbox 145 667 313 738; x_wconf 81' lang='lat' dir='ltr'>Sauli</span> <span class='ocrx_word' id='word_1_32' title='bbox 331 662 693 760; x_wconf 76' lang='lat' dir='ltr'><strong>speluncam</strong></span> <span class='ocrx_word' id='word_1_33' title='bbox 709 666 1100 759; x_wconf 76' lang='lat' dir='ltr'><strong>ingredienti</strong></span> <span class='ocrx_word' id='word_1_34' title='bbox 1117 669 1422 760; x_wconf 79' lang='lat' dir='ltr'><strong>pepercit,</strong></span> <span class='ocrx_word' id='word_1_35' title='bbox 1441 689 1595 733; x_wconf 79' lang='lat' dir='ltr'><strong>con-</strong></span> 
     </span>
     <span class='ocr_line' id='line_1_8' title="bbox 149 760 1595 856; baseline -0.004 -23"><span class='ocrx_word' id='word_1_36' title='bbox 149 786 363 834; x_wconf 84' lang='lat' dir='ltr'><strong>tentus</strong></span> <span class='ocrx_word' id='word_1_37' title='bbox 394 765 463 829; x_wconf 88' lang='lat' dir='ltr'><strong>in</strong></span> <span class='ocrx_word' id='word_1_38' title='bbox 495 764 698 830; x_wconf 86' lang='lat' dir='ltr'><strong>omiffi</strong></span> <span class='ocrx_word' id='word_1_39' title='bbox 728 763 984 856; x_wconf 80' lang='lat' dir='ltr'><strong>signum</strong></span> <span class='ocrx_word' id='word_1_40' title='bbox 1006 761 1303 830; x_wconf 78' lang='lat' dir='ltr'><strong>facinoris</strong></span> <span class='ocrx_word' id='word_1_41' title='bbox 1321 760 1595 829; x_wconf 86' lang='lat' dir='ltr'><strong>limbum</strong></span> 
     </span>
     <span class='ocr_line' id='line_1_9' title="bbox 145 857 1596 956; baseline -0.004 -27"><span class='ocrx_word' id='word_1_42' title='bbox 145 862 336 956; x_wconf 80' lang='lat' dir='ltr'><strong>ipfius</strong></span> <span class='ocrx_word' id='word_1_43' title='bbox 386 857 726 952; x_wconf 69' lang='lat' dir='ltr'><strong>praecidifle</strong></span> <span class='ocrx_word' id='word_1_44' title='bbox 775 858 1168 926; x_wconf 87' lang='lat' dir='ltr'><strong>vestimenti.</strong></span> <span class='ocrx_word' id='word_1_45' title='bbox 1277 865 1342 929; x_wconf 83' lang='lat' dir='ltr'>O</span> <span class='ocrx_word' id='word_1_46' title='bbox 1393 860 1596 925; x_wconf 81' lang='lat' dir='ltr'><strong>maxi-</strong></span> 
     </span>
     <span class='ocr_line' id='line_1_10' title="bbox 154 952 1600 1045; baseline -0.003 -20"><span class='ocrx_word' id='word_1_47' title='bbox 154 983 335 1026; x_wconf 89' lang='lat' dir='ltr'><strong>mum</strong></span> <span class='ocrx_word' id='word_1_48' title='bbox 370 956 455 1022; x_wconf 78' lang='lat' dir='ltr'><strong>lui</strong></span> <span class='ocrx_word' id='word_1_49' title='bbox 486 955 882 1023; x_wconf 85' lang='lat' dir='ltr'><strong>domitorem</strong></span> <span class='ocrx_word' id='word_1_50' title='bbox 914 961 924 1019; x_wconf 91' lang='lat'>!</span> <span class='ocrx_word' id='word_1_51' title='bbox 975 958 1084 1045; x_wconf 90' lang='lat' dir='ltr'><strong>qui</strong></span> <span class='ocrx_word' id='word_1_52' title='bbox 1120 952 1286 1022; x_wconf 75' lang='lat' dir='ltr'><strong>adeo</strong></span> <span class='ocrx_word' id='word_1_53' title='bbox 1328 959 1489 1023; x_wconf 78' lang='lat' dir='ltr'><strong>iram</strong></span> <span class='ocrx_word' id='word_1_54' title='bbox 1529 957 1600 1020; x_wconf 90' lang='lat' dir='ltr'><strong>in</strong></span> 
     </span>
     <span class='ocr_line' id='line_1_11' title="bbox 145 1047 1602 1149; baseline 0 -31"><span class='ocrx_word' id='word_1_55' title='bbox 145 1052 465 1149; x_wconf 76' lang='lat' dir='ltr'><strong>potestate</strong></span> <span class='ocrx_word' id='word_1_56' title='bbox 484 1053 765 1144; x_wconf 84' lang='lat' dir='ltr'><strong>repreffit</strong></span> <span class='ocrx_word' id='word_1_57' title='bbox 793 1100 808 1127; x_wconf 85' lang='lat'>‚</span> <span class='ocrx_word' id='word_1_58' title='bbox 845 1062 911 1121; x_wconf 84' lang='lat'>&amp;</span> <span class='ocrx_word' id='word_1_59' title='bbox 931 1048 1203 1118; x_wconf 85' lang='lat' dir='ltr'><strong>effrenas</strong></span> <span class='ocrx_word' id='word_1_60' title='bbox 1220 1055 1422 1120; x_wconf 84' lang='lat' dir='ltr'><strong>animi</strong></span> <span class='ocrx_word' id='word_1_61' title='bbox 1439 1047 1602 1118; x_wconf 82' lang='lat' dir='ltr'><strong>affe-</strong></span> 
     </span>
     <span class='ocr_line' id='line_1_12' title="bbox 146 1150 1602 1241; baseline -0.003 -22"><span class='ocrx_word' id='word_1_62' title='bbox 146 1151 384 1219; x_wconf 60' lang='lat' dir='ltr'><strong>&amp;tiones</strong></span> <span class='ocrx_word' id='word_1_63' title='bbox 400 1150 741 1217; x_wconf 84' lang='lat' dir='ltr'><strong>continuit.</strong></span> <span class='ocrx_word' id='word_1_64' title='bbox 835 1153 1161 1241; x_wconf 79' lang='lat' dir='ltr'><strong>Qaenam</strong></span> <span class='ocrx_word' id='word_1_65' title='bbox 1183 1150 1448 1215; x_wconf 52' lang='lat' dir='ltr'><strong>vicioria</strong></span> <span class='ocrx_word' id='word_1_66' title='bbox 1465 1171 1602 1215; x_wconf 82' lang='lat' dir='ltr'><strong>rna-</strong></span> 
     </span>
     <span class='ocr_line' id='line_1_13' title="bbox 149 1243 1605 1339; baseline -0.002 -25"><span class='ocrx_word' id='word_1_67' title='bbox 149 1250 286 1339; x_wconf 78' lang='lat' dir='ltr'><strong>jor?</strong></span> <span class='ocrx_word' id='word_1_68' title='bbox 321 1271 460 1338; x_wconf 81' lang='lat' dir='ltr'><strong>quae</strong></span> <span class='ocrx_word' id='word_1_69' title='bbox 482 1243 701 1339; x_wconf 78' lang='lat' dir='ltr'><strong>palma</strong></span> <span class='ocrx_word' id='word_1_70' title='bbox 720 1243 990 1313; x_wconf 84' lang='lat' dir='ltr'><strong>nobilior</strong></span> <span class='ocrx_word' id='word_1_71' title='bbox 1022 1266 1039 1312; x_wconf 88' lang='lat'><strong>.&gt;</strong></span> <span class='ocrx_word' id='word_1_72' title='bbox 1089 1244 1266 1336; x_wconf 92' lang='lat' dir='ltr'><strong>quod</strong></span> <span class='ocrx_word' id='word_1_73' title='bbox 1292 1245 1605 1312; x_wconf 83' lang='lat' dir='ltr'><strong>Ethnicus</strong></span> 
     </span>
    </p>
   </div>
   <div class='ocr_carea' id='block_1_2' title="bbox 153 1342 1611 1696">
    <p class='ocr_par' dir='ltr' id='par_1_2' title="bbox 153 1342 1533 1432">
     <span class='ocr_line' id='line_1_14' title="bbox 153 1342 1533 1432; baseline -0.003 -21"><span class='ocrx_word' id='word_1_74' title='bbox 153 1348 355 1411; x_wconf 68' lang='lat' dir='ltr'><strong>Poeta</strong></span> <span class='ocrx_word' id='word_1_75' title='bbox 371 1342 498 1410; x_wconf 71' lang='lat' dir='ltr'><strong>cite</strong></span> <span class='ocrx_word' id='word_1_76' title='bbox 517 1342 899 1416; x_wconf 80' lang='lat' dir='ltr'><strong>confirmat,</strong></span> <span class='ocrx_word' id='word_1_77' title='bbox 945 1345 1244 1432; x_wconf 85' lang='lat' dir='ltr'><strong>inquiens</strong></span> <span class='ocrx_word' id='word_1_78' title='bbox 1278 1369 1290 1407; x_wconf 92' lang='lat'><strong>:</strong></span> <span class='ocrx_word' id='word_1_79' title='bbox 1387 1388 1413 1398; x_wconf 49' lang='grc' dir='ltr'>ω</span> <span class='ocrx_word' id='word_1_80' title='bbox 1505 1387 1533 1395; x_wconf 92' lang='grc'>-</span> 
     </span>
    </p>

    <p class='ocr_par' dir='ltr' id='par_1_3' title="bbox 155 1435 1610 1599">
     <span class='ocr_line' id='line_1_15' title="bbox 155 1435 1608 1518; baseline -0.001 -21"><span class='ocrx_word' id='word_1_81' title='bbox 155 1441 374 1498; x_wconf 87' lang='lat' dir='ltr'><strong>Fortior</strong></span> <span class='ocrx_word' id='word_1_82' title='bbox 400 1437 473 1497; x_wconf 90' lang='lat' dir='ltr'><strong>est</strong></span> <span class='ocrx_word' id='word_1_83' title='bbox 495 1478 513 1506; x_wconf 90' lang='lat'><em>,</em></span> <span class='ocrx_word' id='word_1_84' title='bbox 550 1439 645 1518; x_wconf 89' lang='lat' dir='ltr'><strong>qui</strong></span> <span class='ocrx_word' id='word_1_85' title='bbox 674 1436 729 1496; x_wconf 88' lang='lat' dir='ltr'><strong>se</strong></span> <span class='ocrx_word' id='word_1_86' title='bbox 748 1478 766 1505; x_wconf 86' lang='grc'>,</span> <span class='ocrx_word' id='word_1_87' title='bbox 798 1437 961 1516; x_wconf 66' lang='grc' dir='ltr'>ςυὲτη</span> <span class='ocrx_word' id='word_1_88' title='bbox 999 1440 1091 1515; x_wconf 89' lang='lat' dir='ltr'><strong>qui</strong></span> <span class='ocrx_word' id='word_1_89' title='bbox 1126 1435 1401 1496; x_wconf 82' lang='lat' dir='ltr'><strong>fortiffima</strong></span> <span class='ocrx_word' id='word_1_90' title='bbox 1433 1437 1608 1498; x_wconf 81' lang='lat' dir='ltr'><strong>vincit</strong></span> 
     </span>
     <span class='ocr_line' id='line_1_16' title="bbox 270 1516 1610 1599; baseline -0.001 -20"><span class='ocrx_word' id='word_1_91' title='bbox 270 1523 501 1580; x_wconf 72' lang='lat' dir='ltr'><strong>Moenia.</strong></span> <span class='ocrx_word' id='word_1_92' title='bbox 570 1525 692 1579; x_wconf 85' lang='lat' dir='ltr'><strong>Nec</strong></span> <span class='ocrx_word' id='word_1_93' title='bbox 734 1523 898 1578; x_wconf 85' lang='lat' dir='ltr'><strong>virtus</strong></span> <span class='ocrx_word' id='word_1_94' title='bbox 936 1517 1098 1578; x_wconf 82' lang='lat' dir='ltr'><strong>altius</strong></span> <span class='ocrx_word' id='word_1_95' title='bbox 1139 1521 1218 1578; x_wconf 87' lang='lat' dir='ltr'><strong>ire</strong></span> <span class='ocrx_word' id='word_1_96' title='bbox 1257 1518 1456 1599; x_wconf 88' lang='lat' dir='ltr'><strong>potest.</strong></span> <span class='ocrx_word' id='word_1_97' title='bbox 1509 1516 1610 1598; x_wconf 89' lang='lat' dir='ltr'><strong>(b)</strong></span> 
     </span>
    </p>

    <p class='ocr_par' dir='ltr' id='par_1_4' title="bbox 153 1602 1611 1696">
     <span class='ocr_line' id='line_1_17' title="bbox 153 1602 1611 1696; baseline -0.002 -26"><span class='ocrx_word' id='word_1_98' title='bbox 153 1605 371 1694; x_wconf 82' lang='lat' dir='ltr'><strong>Major</strong></span> <span class='ocrx_word' id='word_1_99' title='bbox 388 1606 590 1670; x_wconf 85' lang='lat' dir='ltr'><strong>etiam</strong></span> <span class='ocrx_word' id='word_1_100' title='bbox 615 1607 811 1670; x_wconf 81' lang='lat' dir='ltr'><strong>totius</strong></span> <span class='ocrx_word' id='word_1_101' title='bbox 840 1602 1004 1669; x_wconf 80' lang='lat' dir='ltr'><strong>orbis</strong></span> <span class='ocrx_word' id='word_1_102' title='bbox 1024 1602 1311 1669; x_wconf 90' lang='lat' dir='ltr'><strong>domitor</strong></span> <span class='ocrx_word' id='word_1_103' title='bbox 1329 1606 1611 1696; x_wconf 81' lang='lat' dir='ltr'><strong>Magnus</strong></span> 
     </span>
    </p>
   </div>
   <div class='ocr_carea' id='block_1_3' title="bbox 151 1694 1613 1886">
    <p class='ocr_par' dir='ltr' id='par_1_5' title="bbox 151 1694 1613 1886">
     <span class='ocr_line' id='line_1_18' title="bbox 151 1694 1613 1774; baseline -0.002 -7"><span class='ocrx_word' id='word_1_104' title='bbox 151 1698 259 1769; x_wconf 79' lang='lat' dir='ltr'><strong>ille</strong></span> <span class='ocrx_word' id='word_1_105' title='bbox 287 1697 653 1769; x_wconf 83' lang='lat' dir='ltr'><strong>Alexander</strong></span> <span class='ocrx_word' id='word_1_106' title='bbox 676 1697 982 1767; x_wconf 77' lang='lat' dir='ltr'><strong>extitisset</strong></span> <span class='ocrx_word' id='word_1_107' title='bbox 1000 1747 1018 1774; x_wconf 88' lang='lat'><em>,</em></span> <span class='ocrx_word' id='word_1_108' title='bbox 1051 1694 1122 1765; x_wconf 67' lang='lat' dir='ltr'><strong>ni</strong></span> <span class='ocrx_word' id='word_1_109' title='bbox 1142 1695 1410 1765; x_wconf 76' lang='lat' dir='ltr'><strong>efferata</strong></span> <span class='ocrx_word' id='word_1_110' title='bbox 1428 1697 1613 1766; x_wconf 87' lang='lat' dir='ltr'><strong>velut</strong></span> 
     </span>
     <span class='ocr_line' id='line_1_19' title="bbox 152 1793 1608 1886; baseline -0.001 -23"><span class='ocrx_word' id='word_1_111' title='bbox 152 1793 364 1864; x_wconf 81' lang='lat' dir='ltr'><strong>bellua</strong></span> <span class='ocrx_word' id='word_1_112' title='bbox 382 1799 452 1862; x_wconf 91' lang='lat' dir='ltr'><strong>in</strong></span> <span class='ocrx_word' id='word_1_113' title='bbox 470 1796 875 1863; x_wconf 78' lang='lat' dir='ltr'><strong>amiciffimos</strong></span> <span class='ocrx_word' id='word_1_114' title='bbox 892 1794 1170 1886; x_wconf 83' lang='lat' dir='ltr'><strong>quosque</strong></span> <span class='ocrx_word' id='word_1_115' title='bbox 1196 1794 1501 1864; x_wconf 69' lang='lat' dir='ltr'><strong>saeviisset.</strong></span> <span class='ocrx_word' id='word_1_116' title='bbox 1527 1799 1608 1877; x_wconf 90' lang='lat' dir='ltr'><strong>(c)</strong></span> 
     </span>
    </p>
   </div>
   <div class='ocr_carea' id='block_1_4' title="bbox 151 1890 1619 2224">
    <p class='ocr_par' dir='ltr' id='par_1_6' title="bbox 151 1890 1615 1975">
     <span class='ocr_line' id='line_1_20' title="bbox 151 1890 1615 1975; baseline 0.001 -13"><span class='ocrx_word' id='word_1_117' title='bbox 151 1903 325 1962; x_wconf 83' lang='lat' dir='ltr'><strong>Nulla</strong></span> <span class='ocrx_word' id='word_1_118' title='bbox 361 1905 563 1961; x_wconf 86' lang='lat' dir='ltr'><strong>etenim</strong></span> <span class='ocrx_word' id='word_1_119' title='bbox 601 1897 621 1971; x_wconf 84' lang='lat'>(</span> <span class='ocrx_word' id='word_1_120' title='bbox 639 1892 788 1960; x_wconf 73' lang='lat' dir='ltr'><strong>vere</strong></span> <span class='ocrx_word' id='word_1_121' title='bbox 838 1895 928 1958; x_wconf 78' lang='lat' dir='ltr'><strong>ait</strong></span> <span class='ocrx_word' id='word_1_122' title='bbox 965 1890 1251 1975; x_wconf 81' lang='lat' dir='ltr'><strong>Tullius)</strong></span> <span class='ocrx_word' id='word_1_123' title='bbox 1308 1925 1460 1964; x_wconf 83' lang='lat' dir='ltr'><strong>tanta</strong></span> <span class='ocrx_word' id='word_1_124' title='bbox 1489 1906 1615 1972; x_wconf 81' lang='lat' dir='ltr'><strong>vis,</strong></span> 
     </span>
    </p>

    <p class='ocr_par' dir='ltr' id='par_1_7' title="bbox 151 1986 1614 2067">
     <span class='ocr_line' id='line_1_21' title="bbox 151 1986 1614 2067; baseline -0.002 -23"><span class='ocrx_word' id='word_1_125' title='bbox 151 2004 272 2064; x_wconf 86' lang='lat' dir='ltr'><strong>quae</strong></span> <span class='ocrx_word' id='word_1_126' title='bbox 291 2006 405 2042; x_wconf 87' lang='lat' dir='ltr'><strong>non</strong></span> <span class='ocrx_word' id='word_1_127' title='bbox 427 1986 571 2044; x_wconf 72' lang='lat' dir='ltr'><strong>ferro</strong></span> <span class='ocrx_word' id='word_1_128' title='bbox 594 2009 686 2046; x_wconf 87' lang='lat' dir='ltr'><strong>aut</strong></span> <span class='ocrx_word' id='word_1_129' title='bbox 705 1986 912 2047; x_wconf 71' lang='lat' dir='ltr'><strong>viribus</strong></span> <span class='ocrx_word' id='word_1_130' title='bbox 935 1986 1207 2047; x_wconf 84' lang='lat' dir='ltr'><strong>debilitari</strong></span> <span class='ocrx_word' id='word_1_131' title='bbox 1225 1987 1384 2067; x_wconf 83' lang='lat' dir='ltr'><strong>poffit</strong></span> <span class='ocrx_word' id='word_1_132' title='bbox 1404 2010 1416 2045; x_wconf 78' lang='grc' dir='ltr'>ε</span> <span class='ocrx_word' id='word_1_133' title='bbox 1435 2008 1487 2046; x_wconf 86' lang='lat' dir='ltr'><strong>at</strong></span> <span class='ocrx_word' id='word_1_134' title='bbox 1509 1989 1614 2053; x_wconf 82' lang='lat' dir='ltr'><strong>ira-</strong></span> 
     </span>
    </p>

    <p class='ocr_par' dir='ltr' id='par_1_8' title="bbox 154 2067 1619 2224">
     <span class='ocr_line' id='line_1_22' title="bbox 154 2067 1619 2139; baseline -0.001 -13"><span class='ocrx_word' id='word_1_135' title='bbox 154 2067 417 2126; x_wconf 85' lang='lat' dir='ltr'><strong>cundiam</strong></span> <span class='ocrx_word' id='word_1_136' title='bbox 452 2068 736 2129; x_wconf 84' lang='lat' dir='ltr'><strong>refraenare</strong></span> <span class='ocrx_word' id='word_1_137' title='bbox 756 2110 774 2138; x_wconf 89' lang='grc'>,</span> <span class='ocrx_word' id='word_1_138' title='bbox 820 2072 1070 2130; x_wconf 84' lang='lat' dir='ltr'><strong>animum</strong></span> <span class='ocrx_word' id='word_1_139' title='bbox 1107 2071 1324 2139; x_wconf 86' lang='lat' dir='ltr'><strong>vincere</strong></span> <span class='ocrx_word' id='word_1_140' title='bbox 1364 2068 1619 2130; x_wconf 82' lang='lat' dir='ltr'><strong>cerebro.</strong></span> 
     </span>
     <span class='ocr_line' id='line_1_23' title="bbox 1384 2150 1535 2224; baseline 0 -12"><span class='ocrx_word' id='word_1_141' title='bbox 1384 2150 1535 2224; x_wconf 65' lang='lat' dir='ltr'><strong>sum)</strong></span> 
     </span>
    </p>
   </div>
   <div class='ocr_carea' id='block_1_5' title="bbox 417 160 680 180">
    <p class='ocr_par' dir='ltr' id='par_1_9' title="bbox 417 160 680 180">
     <span class='ocr_line' id='line_1_24' title="bbox 417 160 680 180; baseline 0 2815"><span class='ocrx_word' id='word_1_142' title='bbox 417 160 680 180; x_wconf 95' lang='lat' dir='ltr'><strong> </strong></span> 
     </span>
    </p>
   </div>
   <div class='ocr_carea' id='block_1_6' title="bbox 984 161 1218 173">
    <p class='ocr_par' dir='ltr' id='par_1_10' title="bbox 984 161 1218 173">
     <span class='ocr_line' id='line_1_25' title="bbox 984 161 1218 173; baseline 0 2822"><span class='ocrx_word' id='word_1_143' title='bbox 984 161 1218 173; x_wconf 95' lang='lat' dir='ltr'><strong> </strong></span> 
     </span>
    </p>
   </div>
   <div class='ocr_carea' id='block_1_7' title="bbox 688 165 953 177">
    <p class='ocr_par' dir='ltr' id='par_1_11' title="bbox 688 165 953 177">
     <span class='ocr_line' id='line_1_26' title="bbox 688 165 953 177; baseline 0 2818"><span class='ocrx_word' id='word_1_144' title='bbox 688 165 953 177; x_wconf 95' lang='lat' dir='ltr'><strong> </strong></span> 
     </span>
    </p>
   </div>
   <div class='ocr_carea' id='block_1_8' title="bbox 1325 157 1588 176">
    <p class='ocr_par' dir='ltr' id='par_1_12' title="bbox 1325 157 1588 176">
     <span class='ocr_line' id='line_1_27' title="bbox 1325 157 1588 176; baseline 0 2819"><span class='ocrx_word' id='word_1_145' title='bbox 1325 157 1588 176; x_wconf 95' lang='lat' dir='ltr'><strong> </strong></span> 
     </span>
    </p>
   </div>
   <div class='ocr_carea' id='block_1_9' title="bbox 159 2248 1244 2528">
    <p class='ocr_par' dir='ltr' id='par_1_13' title="bbox 159 2248 1244 2528">
     <span class='ocr_line' id='line_1_28' title="bbox 159 2248 1216 2323; baseline 0.004 -24"><span class='ocrx_word' id='word_1_146' title='bbox 159 2252 230 2315; x_wconf 67' lang='lat' dir='ltr'><strong>fb)</strong></span> <span class='ocrx_word' id='word_1_147' title='bbox 263 2248 421 2301; x_wconf 86' lang='lat' dir='ltr'><strong>Starck</strong></span> <span class='ocrx_word' id='word_1_148' title='bbox 441 2251 497 2299; x_wconf 80' lang='lat' dir='ltr'><strong>ist</strong></span> <span class='ocrx_word' id='word_1_149' title='bbox 516 2287 529 2308; x_wconf 87' lang='lat'><strong><em>,</em></strong></span> <span class='ocrx_word' id='word_1_150' title='bbox 564 2252 642 2302; x_wconf 83' lang='lat' dir='ltr'><strong>der</strong></span> <span class='ocrx_word' id='word_1_151' title='bbox 656 2253 918 2323; x_wconf 71' lang='lat' dir='ltr'><strong>Vestungen</strong></span> <span class='ocrx_word' id='word_1_152' title='bbox 935 2253 1216 2323; x_wconf 56' lang='lat' dir='ltr'><strong>hekrieget„</strong></span> 
     </span>
     <span class='ocr_line' id='line_1_29' title="bbox 266 2320 1140 2392; baseline 0.003 -24"><span class='ocrx_word' id='word_1_153' title='bbox 266 2320 409 2370; x_wconf 87' lang='lat' dir='ltr'><strong>Doch</strong></span> <span class='ocrx_word' id='word_1_154' title='bbox 433 2321 614 2370; x_wconf 86' lang='lat' dir='ltr'><strong>mehrer</strong></span> <span class='ocrx_word' id='word_1_155' title='bbox 633 2327 707 2372; x_wconf 86' lang='lat' dir='ltr'><strong>ein</strong></span> <span class='ocrx_word' id='word_1_156' title='bbox 725 2325 904 2372; x_wconf 84' lang='lat' dir='ltr'><strong>solcher</strong></span> <span class='ocrx_word' id='word_1_157' title='bbox 928 2324 1105 2392; x_wconf 84' lang='lat' dir='ltr'><strong>obfiget</strong></span> <span class='ocrx_word' id='word_1_158' title='bbox 1126 2357 1140 2377; x_wconf 89' lang='lat'>,</span> 
     </span>
     <span class='ocr_line' id='line_1_30' title="bbox 270 2388 1197 2441; baseline 0.001 -1"><span class='ocrx_word' id='word_1_159' title='bbox 270 2394 370 2440; x_wconf 84' lang='lat' dir='ltr'><strong>Der</strong></span> <span class='ocrx_word' id='word_1_160' title='bbox 387 2388 444 2437; x_wconf 78' lang='lat' dir='ltr'><strong>da</strong></span> <span class='ocrx_word' id='word_1_161' title='bbox 471 2390 561 2438; x_wconf 84' lang='lat' dir='ltr'><strong>fich</strong></span> <span class='ocrx_word' id='word_1_162' title='bbox 592 2392 783 2441; x_wconf 86' lang='lat' dir='ltr'><strong>selbsten</strong></span> <span class='ocrx_word' id='word_1_163' title='bbox 802 2394 906 2441; x_wconf 76' lang='lat' dir='ltr'><strong>thut</strong></span> <span class='ocrx_word' id='word_1_164' title='bbox 922 2393 1197 2441; x_wconf 83' lang='lat' dir='ltr'><strong>bestreitten.</strong></span> 
     </span>
     <span class='ocr_line' id='line_1_31' title="bbox 277 2457 1244 2528; baseline 0.002 -20"><span class='ocrx_word' id='word_1_165' title='bbox 277 2462 373 2508; x_wconf 86' lang='lat' dir='ltr'><strong>Die</strong></span> <span class='ocrx_word' id='word_1_166' title='bbox 392 2461 597 2528; x_wconf 83' lang='lat' dir='ltr'><strong>Tugeud</strong></span> <span class='ocrx_word' id='word_1_167' title='bbox 612 2461 704 2510; x_wconf 84' lang='lat' dir='ltr'><strong>kan</strong></span> <span class='ocrx_word' id='word_1_168' title='bbox 719 2465 787 2510; x_wconf 87' lang='lat' dir='ltr'><strong>nit</strong></span> <span class='ocrx_word' id='word_1_169' title='bbox 804 2457 963 2512; x_wconf 73' lang='lat' dir='ltr'><strong>h&#39;oher</strong></span> <span class='ocrx_word' id='word_1_170' title='bbox 980 2461 1244 2511; x_wconf 78' lang='lat' dir='ltr'><strong>schreitten.</strong></span> 
     </span>
    </p>
   </div>
   <div class='ocr_carea' id='block_1_10' title="bbox 161 2536 1264 2745">
    <p class='ocr_par' dir='ltr' id='par_1_14' title="bbox 161 2536 1264 2745">
     <span class='ocr_line' id='line_1_32' title="bbox 161 2536 1261 2621; baseline 0.003 -21"><span class='ocrx_word' id='word_1_171' title='bbox 161 2553 229 2619; x_wconf 82' lang='lat' dir='ltr'><strong>(c)</strong></span> <span class='ocrx_word' id='word_1_172' title='bbox 271 2536 475 2600; x_wconf 70' lang='lat' dir='ltr'><strong>Multum</strong></span> <span class='ocrx_word' id='word_1_173' title='bbox 497 2552 662 2603; x_wconf 85' lang='lat' dir='ltr'><strong>deliras</strong></span> <span class='ocrx_word' id='word_1_174' title='bbox 683 2585 701 2613; x_wconf 84' lang='lat'><strong>,</strong></span> <span class='ocrx_word' id='word_1_175' title='bbox 739 2555 859 2603; x_wconf 82' lang='lat' dir='ltr'><strong>diras</strong></span> <span class='ocrx_word' id='word_1_176' title='bbox 878 2555 906 2603; x_wconf 83' lang='lat' dir='ltr'>fi</span> <span class='ocrx_word' id='word_1_177' title='bbox 927 2555 1070 2621; x_wconf 79' lang='lat' dir='ltr'><strong>surgis</strong></span> <span class='ocrx_word' id='word_1_178' title='bbox 1089 2556 1135 2601; x_wconf 90' lang='lat' dir='ltr'><strong>in</strong></span> <span class='ocrx_word' id='word_1_179' title='bbox 1155 2556 1261 2603; x_wconf 79' lang='lat' dir='ltr'><strong>iras.</strong></span> 
     </span>
     <span class='ocr_line' id='line_1_33' title="bbox 297 2622 1264 2679; baseline 0 -9"><span class='ocrx_word' id='word_1_180' title='bbox 297 2624 397 2670; x_wconf 87' lang='lat' dir='ltr'><strong>Der</strong></span> <span class='ocrx_word' id='word_1_181' title='bbox 413 2626 533 2669; x_wconf 86' lang='lat' dir='ltr'><strong>Zorn</strong></span> <span class='ocrx_word' id='word_1_182' title='bbox 553 2622 638 2670; x_wconf 88' lang='lat' dir='ltr'><strong>den</strong></span> <span class='ocrx_word' id='word_1_183' title='bbox 657 2623 907 2673; x_wconf 86' lang='lat' dir='ltr'><strong>Menschen</strong></span> <span class='ocrx_word' id='word_1_184' title='bbox 928 2625 975 2672; x_wconf 91' lang='lat' dir='ltr'><strong>so</strong></span> <span class='ocrx_word' id='word_1_185' title='bbox 993 2622 1227 2671; x_wconf 84' lang='lat' dir='ltr'><strong>verblendt</strong></span> <span class='ocrx_word' id='word_1_186' title='bbox 1247 2657 1264 2679; x_wconf 89' lang='lat'>,</span> 
     </span>
     <span class='ocr_line' id='line_1_34' title="bbox 298 2689 1244 2745; baseline 0 -5"><span class='ocrx_word' id='word_1_187' title='bbox 298 2689 416 2740; x_wconf 74' lang='lat' dir='ltr'>Dass</span> <span class='ocrx_word' id='word_1_188' title='bbox 432 2708 479 2739; x_wconf 85' lang='lat' dir='ltr'><strong>er</strong></span> <span class='ocrx_word' id='word_1_189' title='bbox 499 2709 577 2741; x_wconf 85' lang='lat' dir='ltr'><strong>vor</strong></span> <span class='ocrx_word' id='word_1_190' title='bbox 601 2698 721 2745; x_wconf 87' lang='lat' dir='ltr'><strong>Zorn</strong></span> <span class='ocrx_word' id='word_1_191' title='bbox 741 2694 830 2744; x_wconf 81' lang='lat' dir='ltr'><strong>fich</strong></span> <span class='ocrx_word' id='word_1_192' title='bbox 850 2692 983 2744; x_wconf 86' lang='lat' dir='ltr'><strong>selbst</strong></span> <span class='ocrx_word' id='word_1_193' title='bbox 997 2696 1068 2743; x_wconf 84' lang='lat' dir='ltr'><strong>nit</strong></span> <span class='ocrx_word' id='word_1_194' title='bbox 1084 2691 1244 2742; x_wconf 86' lang='lat' dir='ltr'><strong>kennt.</strong></span> 
     </span>
    </p>
   </div>
   <div class='ocr_carea' id='block_1_11' title="bbox 1724 0 1737 263">
    <p class='ocr_par' dir='ltr' id='par_1_15' title="bbox 1722 0 1737 295">
     <span class='ocr_line' id='line_1_35' title="bbox 1724 0 1737 263; baseline 0.667 24.333"><span class='ocrx_word' id='word_1_195' title='bbox 1724 0 1737 263; x_wconf 76' lang='lat' dir='ltr'><strong>l</strong></span> 
     </span>
    </p>
   </div>
  </div>
 </body>
</html>
